@article{Bombelli1987CausalSet,
  author  = {Bombelli, Luca and Lee, Joohan and Meyer, David and Sorkin, Rafael D.},
  title   = {Space-Time as a Causal Set},
  journal = {Physical Review Letters},
  year    = {1987},
  volume  = {59},
  pages   = {521--524}
}

@article{Rideout1999CSG,
  author  = {Rideout, David and Sorkin, Rafael D.},
  title   = {Classical sequential growth dynamics for causal sets},
  journal = {Physical Review D},
  year    = {1999},
  volume  = {61},
  pages   = {024002}
}

@article{Henson2009CausalSetReview,
  author  = {Henson, Joe},
  title   = {The causal set approach to quantum gravity},
  journal = {arXiv preprint},
  year    = {2006},
  eprint  = {gr-qc/0601121}
}

@article{Maldacena2013CoolHorizons,
  author  = {Maldacena, Juan and Susskind, Leonard},
  title   = {Cool horizons for entangled black holes},
  journal = {Fortschritte der Physik},
  year    = {2013},
  volume  = {61},
  pages   = {781--811}
}

@article{Hayden2007BlackHolesMirrors,
  author  = {Hayden, Patrick and Preskill, John},
  title   = {Black holes as mirrors: Quantum information in random subsystems},
  journal = {Journal of High Energy Physics},
  year    = {2007},
  volume  = {09},
  pages   = {120}
}

@article{Susskind2018ComplexityPathIntegral,
  author  = {Susskind, Leonard},
  title   = {Complexity and the gravitational path integral},
  journal = {arXiv preprint},
  year    = {2018},
  eprint  = {1810.11563}
}

@article{Page1983EvolutionWithoutEvolution,
  author  = {Page, Don N. and Wootters, William K.},
  title   = {Evolution without evolution: Dynamics described by stationary observables},
  journal = {Physical Review D},
  year    = {1983},
  volume  = {27},
  pages   = {2885--2892}
}

@article{Marletto2016CausalNonseparability,
  author  = {Marletto, Chiara and Vedral, Vlatko},
  title   = {Witnessing causal non-separability},
  journal = {Physical Review A},
  year    = {2016},
  volume  = {94},
  pages   = {052115}
}

@book{Barbour1999EndOfTime,
  author    = {Barbour, Julian},
  title     = {The End of Time},
  publisher = {Oxford University Press},
  year      = {1999}
}

@article{Zurek2009QuantumDarwinism,
  author  = {Zurek, Wojciech H.},
  title   = {Quantum Darwinism},
  journal = {Nature Physics},
  year    = {2009},
  volume  = {5},
  pages   = {181--188}
}

@book{Joos2003DecoherenceBook,
  author    = {Joos, E. and Zeh, H. D. and Kiefer, C. and Giulini, D. and Kupsch, J. and Stamatescu, I.-O.},
  title     = {Decoherence and the Appearance of a Classical World in Quantum Theory},
  publisher = {Springer},
  year      = {2003}
}

@book{Schlosshauer2007DecoherenceTransition,
  author    = {Schlosshauer, Maximilian},
  title     = {Decoherence and the Quantum-to-Classical Transition},
  publisher = {Springer},
  year      = {2007}
}

@article{Fuchs2013QBismHero,
  author  = {Fuchs, Christopher A. and Schack, R{\"u}diger},
  title   = {QBism: Quantum Theory as a Heroâ€™s Handbook},
  journal = {arXiv preprint},
  year    = {2013},
  eprint  = {1301.3274}
}

@article{Tononi2008IIT,
  author  = {Tononi, Giulio},
  title   = {Consciousness as integrated information: a provisional manifesto},
  journal = {The Biological Bulletin},
  year    = {2008},
  volume  = {215},
  pages   = {216--242}
}

@article{Hameroff2014OrchORReview,
  author  = {Hameroff, Stuart and Penrose, Roger},
  title   = {Consciousness in the universe: A review of the `Orch OR' theory},
  journal = {Physics of Life Reviews},
  year    = {2014},
  volume  = {11},
  pages   = {39--78}
}

@article{Czeszumski2020HyperscanningReview,
  author  = {Czeszumski, Adam and Eustergerling, Stefan and et al.},
  title   = {Hyperscanning: A Valid Method to Study Neural Inter-brain Underpinnings of Social Interaction},
  journal = {Frontiers in Computational Neuroscience},
  year    = {2020},
  volume  = {14},
  pages   = {3}
}

@article{Dumas2010InterBrainSync,
  author  = {Dumas, Guillaume and Nadel, Jacqueline and Soussignan, Robert and Martinerie, Jacques and Garnero, Line},
  title   = {Inter-brain synchronization during social interaction},
  journal = {PLoS ONE},
  year    = {2010},
  volume  = {5},
  number  = {8},
  pages   = {e12166}
}

@article{Mueller2011CardioRespiratoryCoupling,
  author  = {M{\"u}ller, Viktor and Lindenberger, Ulman},
  title   = {Cardio-respiratory synchronization in couples},
  journal = {Biological Psychology},
  year    = {2011},
  volume  = {87},
  pages   = {230--239}
}

@article{Frohlich1968LongRangeCoherence,
  author  = {Fr{\"o}hlich, Herbert},
  title   = {Long-range coherence and energy storage in biological systems},
  journal = {International Journal of Quantum Chemistry},
  year    = {1968},
  volume  = {2},
  pages   = {641--649}
}

@article{Greiner2002MottInsulator,
  author  = {Greiner, Markus and Mandel, Olaf and Esslinger, Tilman and H{\"a}nsch, Theodor W. and Bloch, Immanuel},
  title   = {Quantum phase transition from a superfluid to a Mott insulator in a gas of ultracold atoms},
  journal = {Nature},
  year    = {2002},
  volume  = {415},
  pages   = {39--44}
}

@article{DeVega2017NonMarkovianReview,
  author  = {de Vega, In{\'e}s and Alonso, Daniel},
  title   = {Dynamics of non-Markovian open quantum systems},
  journal = {Reviews of Modern Physics},
  year    = {2017},
  volume  = {89},
  pages   = {015001}
}

@article{Yoshihara2022QuantumTransportQubits,
  author  = {Yoshihara, Fumiki and Fuse, Takuya and et al.},
  title   = {Quantum transport in superconducting qubit lattices},
  journal = {Nature Quantum Information},
  year    = {2022},
  volume  = {8},
  pages   = {1--7}
}

@article{Nakata2020CloudedMirrors,
  author  = {Nakata, Yoshifumi and Oshima, Kensuke and Yamanaka, Yoshiaki},
  title   = {Black holes as clouded mirrors},
  journal = {Physical Review D},
  year    = {2020},
  volume  = {101},
  pages   = {044036}
}

@article{Sekino2008FastScramblers,
  author  = {Sekino, Yasuhiro and Susskind, Leonard},
  title   = {Fast scramblers},
  journal = {Journal of High Energy Physics},
  year    = {2008},
  volume  = {10},
  pages   = {065}
}

@article{Rovelli1996RelationalQM,
  author  = {Rovelli, Carlo},
  title   = {Relational quantum mechanics},
  journal = {International Journal of Theoretical Physics},
  year    = {1996},
  volume  = {35},
  pages   = {1637--1678}
}

@incollection{Wheeler1983LawWithoutLaw,
  author    = {Wheeler, John Archibald},
  title     = {Law without law},
  booktitle = {Quantum Theory and Measurement},
  editor    = {Wheeler, J. A. and Zurek, W. H.},
  publisher = {Princeton University Press},
  year      = {1983},
  pages     = {182--213}
}

@misc{SEPDecoherenceQBismIIT,
  author = {{Stanford Encyclopedia of Philosophy}},
  title  = {Entries on Decoherence, QBism, and Integrated Information Theory},
  year   = {2022},
  note   = {Accessed 2025-07-22}
}
