@article{RS1,
  author    = {Lisa Randall and Raman Sundrum},
  title     = {A Large Mass Hierarchy from a Small Extra Dimension},
  journal   = {Phys. Rev. Lett.},
  volume    = {83},
  pages     = {3370--3373},
  year      = {1999}
}

@article{Deconstruction,
  author    = {Nima Arkani-Hamed and Andrew G. Cohen and Howard Georgi},
  title     = {(De)constructing Dimensions},
  journal   = {Phys. Rev. Lett.},
  volume    = {86},
  pages     = {4757--4761},
  year      = {2001}
}

@article{KaplanTI,
  author    = {David B. Kaplan and Tai Sun},
  title     = {Spacetime as a Topological Insulator},
  journal   = {Phys. Rev. Lett.},
  volume    = {108},
  pages     = {181807},
  year      = {2012}
}

@article{MaldacenaSusskind,
  author    = {Juan Maldacena and Leonard Susskind},
  title     = {Cool Horizons for Entangled Black Holes},
  journal   = {Fortschr. Phys.},
  volume    = {61},
  pages     = {781--811},
  year      = {2013}
}
